@misc{ghiasi2019nasfpn,
      title={NAS-FPN: Learning Scalable Feature Pyramid Architecture for Object Detection}, 
      author={Golnaz Ghiasi and Tsung-Yi Lin and Ruoming Pang and Quoc V. Le},
      year={2019},
      eprint={1904.07392},
      archivePrefix={arXiv},
      primaryClass={cs.CV}
}

@misc{sandler2019mobilenetv2,
      title={MobileNetV2: Inverted Residuals and Linear Bottlenecks}, 
      author={Mark Sandler and Andrew Howard and Menglong Zhu and Andrey Zhmoginov and Liang-Chieh Chen},
      year={2019},
      eprint={1801.04381},
      archivePrefix={arXiv},
      primaryClass={cs.CV}
}

@INPROCEEDINGS{7916786,  author={Nikam, Ashish S. and Ambekar, Aarti G.},  booktitle={2016 Online International Conference on Green Engineering and Technologies (IC-GET)},   title={Sign language recognition using image based hand gesture recognition techniques},   year={2016},  volume={},  number={},  pages={1-5},  doi={10.1109/GET.2016.7916786}}

@article{ssd,
   title={SSD: Single Shot MultiBox Detector},
   ISBN={9783319464480},
   ISSN={1611-3349},
   url={http://dx.doi.org/10.1007/978-3-319-46448-0_2},
   DOI={10.1007/978-3-319-46448-0_2},
   journal={Lecture Notes in Computer Science},
   publisher={Springer International Publishing},
   author={Liu, Wei and Anguelov, Dragomir and Erhan, Dumitru and Szegedy, Christian and Reed, Scott and Fu, Cheng-Yang and Berg, Alexander C.},
   year={2016},
   pages={21–37}
}

@misc{lin2015microsoft,
      title={Microsoft COCO: Common Objects in Context}, 
      author={Tsung-Yi Lin and Michael Maire and Serge Belongie and Lubomir Bourdev and Ross Girshick and James Hays and Pietro Perona and Deva Ramanan and C. Lawrence Zitnick and Piotr Dollár},
      year={2015},
      eprint={1405.0312},
      archivePrefix={arXiv},
      primaryClass={cs.CV}
}

@misc{zhuang2020comprehensive,
      title={A Comprehensive Survey on Transfer Learning}, 
      author={Fuzhen Zhuang and Zhiyuan Qi and Keyu Duan and Dongbo Xi and Yongchun Zhu and Hengshu Zhu and Hui Xiong and Qing He},
      year={2020},
      eprint={1911.02685},
      archivePrefix={arXiv},
      primaryClass={cs.LG}
}

@INPROCEEDINGS{7814839,
  author={Mavinkurve, Ujjal and Verma, Devansh},
  booktitle={2016 IEEE Eighth International Conference on Technology for Education (T4E)}, 
  title={EG-Easy: Design and Testing of Blender-Based Tool to Teach Projections in Engineering Drawing}, 
  year={2016},
  volume={},
  number={},
  pages={250-251},
  doi={10.1109/T4E.2016.064}}
  
@misc{bworld,
  author = {Lyudmil Vladimirov},
  title = {{TensorFlow 2 Object Detection API tutorial}},
  howpublished = "\url{https://tensorflow-object-detection-api-tutorial.readthedocs.io/en/latest/#}",
  year = {2020}, 
  note = "[Online; accessed 12-January-2020]"
}

@misc{tensorflowmodelgarden2020,
  author = {Hongkun Yu and Chen Chen and Xianzhi Du and Yeqing Li and
            Abdullah Rashwan and Le Hou and Pengchong Jin and Fan Yang and
            Frederick Liu and Jaeyoun Kim and Jing Li},
  title = {{TensorFlow Model Garden}},
  howpublished = {\url{https://github.com/tensorflow/models}},
  year = {2020}
}

@misc{tzutalin2015labelimg,
  added-at = {2019-01-03T15:23:48.000+0100},
  author = {Tzutalin},
  biburl = {https://www.bibsonomy.org/bibtex/24d72bded15249d2d0e3d9dc187d50e16/slicside},
  howpublished = {Free Software: MIT License},
  interhash = {9e9afe084ee8c20087cdab5c3f147e75},
  intrahash = {4d72bded15249d2d0e3d9dc187d50e16},
  keywords = {ba-2018-hahnrico},
  timestamp = {2019-01-03T15:23:48.000+0100},
  title = {LabelImg},
  url = {https://github.com/tzutalin/labelImg},
  year = 2015
}
